@article{skilling,
    author = {John Skilling},
    title = {{Nested sampling for general Bayesian computation}},
    volume = {1},
    journal = {Bayesian Analysis},
    number = {4},
    publisher = {International Society for Bayesian Analysis},
    pages = {833 -- 859},
    keywords = {algorithm, annealing, Bayesian computation, evidence, marginal likelihood, Model selection, nest, phase change},
    year = {2006},
    doi = {10.1214/06-BA127},
}

@book{mcelreath,
    author = {Richard McElreath},
    title = {{Statistical Rethinking}},
    edition = {2nd},
    publisher = {CRC Press},
    year = {2020},
    isbn = {978-0-367-13991-9}
}

@book{boyd, 
    place={Cambridge}, 
    title={Convex Optimization}, 
    publisher={Cambridge University Press}, 
    author={Boyd, Stephen and Vandenberghe, Lieven}, 
    year={2004}}

@article{collapsed_gibbs,
    author = {Jun S. Liu},
    title = {The Collapsed Gibbs Sampler in Bayesian Computations with Applications to a Gene Regulation Problem},
    journal = {Journal of the American Statistical Association},
    volume = {89},
    number = {427},
    pages = {958--966},
    year = {1994},
    publisher = {Taylor \& Francis},
    doi = {10.1080/01621459.1994.10476829},
}

@misc{hmc,
    title={A Conceptual Introduction to Hamiltonian Monte Carlo}, 
    author={Michael Betancourt},
    year={2018},
    eprint={1701.02434},
    archivePrefix={arXiv},
    primaryClass={stat.ME},
}

@inproceedings{hmc_in_ns,
   title={Nested Sampling with Constrained Hamiltonian Monte Carlo},
   ISSN={0094-243X},
   DOI={10.1063/1.3573613},
   booktitle={AIP Conference Proceedings},
   publisher={AIP},
   author={Betancourt, Michael and Mohammad-Djafari, Ali and Bercher, Jean-François and Bessiére, Pierre},
   year={2011} 
}

@misc{automala,
    title={autoMALA: Locally adaptive Metropolis-adjusted Langevin algorithm}, 
    author={Miguel Biron-Lattes and Nikola Surjanovic and Saifuddin Syed and Trevor Campbell and Alexandre Bouchard-Côté},
    year={2024},
    eprint={2310.16782},
    archivePrefix={arXiv},
    primaryClass={stat.CO}, 
}

@article{gibbs,
    author = {Casella, George and George, Edward},
    year = {1992},
    month = {08},
    pages = {167-174},
    title = {Explaning the Gibbs Sampler},
    volume = {46},
    journal = {The American Statistician},
    doi = {10.1080/00031305.1992.10475878}
}

@misc{metropolishastings,
    title={The Metropolis-Hastings algorithm}, 
    author={Christian P. Robert},
    year={2016},
    eprint={1504.01896},
    archivePrefix={arXiv},
    primaryClass={stat.CO},
}

@book{jaynes, 
    place={Cambridge}, 
    title={Probability Theory: The Logic of Science}, 
    publisher={Cambridge University Press}, 
    author={Jaynes, E. T.}, 
    editor={Bretthorst, G. LarryEditor}, 
    year={2003}
}

@book{mckay,
    author = {MacKay, David J. C.},
    title = {Information Theory, Inference \& Learning Algorithms},
    year = {2002},
    isbn = {0521642981},
    publisher = {Cambridge University Press},
    address = {USA}
}

@misc{bayesian_cubature,
      title={Probabilistic Integration: A Role in Statistical Computation?}, 
      author={François-Xavier Briol and Chris. J. Oates and Mark Girolami and Michael A. Osborne and Dino Sejdinovic},
      year={2017},
      eprint={1512.00933},
      archivePrefix={arXiv},
      primaryClass={stat.ML}, 
}

@book{liebloss,
    author = {Lieb, Elliot H and Loss, Michael},
    title = {Analysis},
    year = {2001},
    place = {Rhode Island},
    publisher = {American Mathematical Society},
    edition = {2nd}
}

@book{measure_theory,
    author = {Cohn, Donald L.},
    title = {Measure Theory},
    year = {2013},
    edition = {2nd},
    publisher = {Birkhäuser New York}
}

@book{casellaberger,
    title = {Statistical Inference},
    author = {Casella, George and Berger, Roger},
    edition = {2nd},
    year = {2024},
    publisher = {CRC Press}
}

@book{computational_stats,
    title = {Computational Statistics},
    author = {Gentle, James E.},
    edition = {1st},
    year = {2009},
    publisher = {Springer New York}
}

@mics{nested_sampling_talk,
    title = {Gradients and Nested Sampling},
    author = {Handley, Will},
    date = {7th July 2023},
    note = {Invited talk at MIAPbP}
}